@article{Price2010ATurbulence,
    title = {{A comparison between grid and particle methods on the statistics of driven, supersonic, isothermal turbulence}},
    year = {2010},
    journal = {Monthly Notices of the Royal Astronomical Society},
    author = {Price, Daniel J. and Federrath, Christoph},
    number = {3},
    month = {8},
    pages = {1659--1674},
    volume = {406},
    publisher = {Blackwell Publishing Ltd},
    url = {https://dx.doi.org/10.1111/j.1365-2966.2010.16810.x},
    doi = {10.1111/J.1365-2966.2010.16810.X/2/MNRAS0406-1659-F15.JPEG},
    issn = {13652966},
    arxivId = {1004.1446},
    keywords = {Hydrodynamics, ISM: general, Methods: numerical, Shock waves, Stars: formation, Turbulence}
}

@article{Vazza2011AStructures,
    title = {{A comparison of cosmological codes: Properties of thermal gas and shock waves in large-scale structures}},
    year = {2011},
    journal = {Monthly Notices of the Royal Astronomical Society},
    author = {Vazza, F. and Dolag, K. and Ryu, D. and Brunetti, G. and Gheller, C. and Kang, H. and Pfrommer, C.},
    number = {2},
    month = {12},
    pages = {960--985},
    volume = {418},
    doi = {10.1111/J.1365-2966.2011.19546.X},
    issn = {00358711},
    arxivId = {1106.2159},
    keywords = {Galaxies: clusters: general, Intergalactic medium, Large-scale structure of Universe, Methods: numerical}
}

@article{Badwaik2023ArbitraryFlows,
    title = {{Arbitrary Lagrangian-Eulerian Methods for Compressible Flows}},
    year = {2023},
    author = {Badwaik, Jayesh},
    month = {3},
    url = {https://arxiv.org/abs/2303.04533v1},
    arxivId = {2303.04533}
}

@article{Barlow2016ArbitraryFlows,
    title = {{Arbitrary Lagrangian–Eulerian methods for modeling high-speed compressible multimaterial flows}},
    year = {2016},
    journal = {Journal of Computational Physics},
    author = {Barlow, Andrew J. and Maire, Pierre Henri and Rider, William J. and Rieben, Robert N. and Shashkov, Mikhail J.},
    month = {10},
    pages = {603--665},
    volume = {322},
    publisher = {Academic Press},
    doi = {10.1016/J.JCP.2016.07.001},
    issn = {0021-9991},
    keywords = {Arbitrary-Lagrangian–Eulerian hydrodynamics, Cell-centered discretization, High-order methods, Interface-aware sub-scale closure models, Lagrangian hydrodynamics, Multimaterial cells, Remap, Rezone, Staggered discretization}
}

@article{Stone2008Athena:MHD,
    title = {{Athena: A new code for astrophysical MHD}},
    year = {2008},
    journal = {Astrophysical Journal, Supplement Series},
    author = {Stone, James M. and Gardiner, Thomas A. and Teuben, Peter and Hawley, John F. and Simon, Jacob B.},
    number = {1},
    month = {9},
    pages = {137--177},
    volume = {178},
    publisher = {IOP Publishing Ltd.},
    url = {https://collaborate.princeton.edu/en/publications/athena-a-new-code-for-astrophysical-mhd},
    doi = {10.1086/588755},
    issn = {0067-0049},
    arxivId = {0804.0402},
    keywords = {Hydrodynamics, MHD, Method: Numerical}
}

@article{Murphy2008BETHEHydro:Simulations,
    title = {{BETHE‐Hydro: An Arbitrary Lagrangian‐Eulerian Multidimensional Hydrodynamics Code for Astrophysical Simulations}},
    year = {2008},
    journal = {The Astrophysical Journal Supplement Series},
    author = {Murphy, Jeremiah W. and Burrows, Adam},
    number = {1},
    month = {11},
    pages = {209--241},
    volume = {179},
    publisher = {American Astronomical Society},
    url = {https://iopscience.iop.org/article/10.1086/591272 https://iopscience.iop.org/article/10.1086/591272/meta},
    doi = {10.1086/591272/FULLTEXT/},
    issn = {0067-0049},
    keywords = {Subject headingg s, general, hydrodynamics-instabilities-methods, numerical-shock waves-supernovae}
}

@article{Vogelsberger2020CosmologicalFormation,
    title = {{Cosmological simulations of galaxy formation}},
    year = {2020},
    journal = {Nature Reviews Physics},
    author = {Vogelsberger, Mark and Marinacci, Federico and Torrey, Paul and Puchwein, Ewald},
    number = {1},
    month = {1},
    pages = {42--66},
    volume = {2},
    doi = {10.1038/s42254-019-0127-2},
    issn = {2522-5820}
}

@article{Sundberg2012CreatingAstrophysics,
    title = {{Creating Convincing Simulations in Astrophysics}},
    year = {2012},
    journal = {Science, Technology, {\&} Human Values},
    author = {Sundberg, Mikaela},
    number = {1},
    pages = {64--87},
    volume = {37},
    publisher = {Sage Publications, Inc.},
    url = {http://www.jstor.org/stable/41511156},
    issn = {01622439, 15528251}
}

@article{Sundberg2010CulturesAstrophysics,
    title = {{Cultures of simulations vs. cultures of calculations? The development of simulation practices in meteorology and astrophysics}},
    year = {2010},
    journal = {Studies in History and Philosophy of Science Part B: Studies in History and Philosophy of Modern Physics},
    author = {Sundberg, Mikaela},
    number = {3},
    month = {9},
    pages = {273--281},
    volume = {41},
    publisher = {Pergamon},
    doi = {10.1016/J.SHPSB.2010.07.004},
    issn = {1355-2198},
    keywords = {Astrophysics, Computer culture, Meteorology, Practice, Simulation}
}

@article{Springel2010EMesh,
    title = {{E pur si muove: Galilean-invariant cosmological hydrodynamical simulations on a moving mesh}},
    year = {2010},
    journal = {Monthly Notices of the Royal Astronomical Society},
    author = {Springel, Volker},
    number = {2},
    month = {1},
    pages = {791--851},
    volume = {401},
    publisher = {Blackwell Publishing Ltd},
    url = {https://dx.doi.org/10.1111/j.1365-2966.2009.15715.x},
    doi = {10.1111/J.1365-2966.2009.15715.X/2/M{\_}MNRAS0401-0791-MU16.GIF},
    issn = {13652966},
    arxivId = {0901.4107},
    keywords = {Cosmology: dark matter, Galaxies: interactions, Methods: numerical}
}

@article{Bryan2014ENZO:ASTROPHYSICS,
    title = {{ENZO: AN ADAPTIVE MESH REFINEMENT CODE FOR ASTROPHYSICS}},
    year = {2014},
    journal = {The Astrophysical Journal Supplement Series},
    author = {Bryan, Greg L. and Norman, Michael L. and O'Shea, Brian W. and Abel, Tom and Wise, John H. and Turk, Matthew J. and Reynolds, Daniel R. and Collins, David C. and Wang, Peng and Skillman, Samuel W. and Smith, Britton and Harkness, Robert P. and Bordner, James and Kim, Ji Hoon and Kuhlen, Michael and Xu, Hao and Goldbaum, Nathan and Hummels, Cameron and Kritsuk, Alexei G. and Tasker, Elizabeth and Skory, Stephen and Simpson, Christine M. and Hahn, Oliver and Oishi, Jeffrey S. and So, Geoffrey C. and Zhao, Fen and Cen, Renyue and Li, Yuan},
    number = {2},
    month = {3},
    pages = {19},
    volume = {211},
    publisher = {IOP Publishing},
    url = {https://iopscience.iop.org/article/10.1088/0067-0049/211/2/19 https://iopscience.iop.org/article/10.1088/0067-0049/211/2/19/meta},
    doi = {10.1088/0067-0049/211/2/19},
    issn = {0067-0049},
    arxivId = {1307.2265},
    keywords = {hydrodynamics methods, numerical, words}
}

@article{Godunov1959FiniteDynamics,
    title = {{Finite difference method for numerical computation of discontinuous solutions of the equations of fluid dynamics}},
    year = {1959},
    journal = {Matemati{\v{c}}eskij sbornik},
    author = {Godunov, Sergei K. and Bohachevsky, I.},
    number = {3},
    pages = {271--306},
    volume = {47(89)},
    url = {https://hal.science/hal-01620642 https://hal.science/hal-01620642/document}
}

@article{Agertz2007FundamentalMethods,
    title = {{Fundamental differences between SPH and grid methods}},
    year = {2007},
    journal = {Monthly Notices of the Royal Astronomical Society},
    author = {Agertz, Oscar and Moore, Ben and Stadel, Joachim and Potter, Doug and Miniati, Francesco and Read, Justin and Mayer, Lucio and Gawryszczak, Artur and Kravtsov, Andrey and Nordlund, Åke and Pearce, Frazer and Quilis, Vicent and Rudd, Douglas and Springel, Volker and Stone, James and Tasker, Elizabeth and Teyssier, Romain and Wadsley, James and Walder, Rolf},
    number = {3},
    month = {8},
    pages = {963--978},
    volume = {380},
    doi = {10.1111/j.1365-2966.2007.12183.x},
    issn = {00358711}
}

@article{Garrison-Kimmel2017NotGalaxies,
    title = {{Not so lumpy after all: modelling the depletion of dark matter subhaloes by Milky Way-like galaxies}},
    year = {2017},
    journal = {Monthly Notices of the Royal Astronomical Society},
    author = {Garrison-Kimmel, Shea and Wetzel, Andrew and Bullock, James S. and Hopkins, Philip F. and Boylan-Kolchin, Michael and Faucher-Gigu{\`{e}}re, Claude André and Kere{\v{s}}, Dušan and Quataert, Eliot and Sanderson, Robyn E. and Graus, Andrew S. and Kelley, Tyler},
    number = {2},
    month = {10},
    pages = {1709--1727},
    volume = {471},
    publisher = {Oxford Academic},
    url = {https://dx.doi.org/10.1093/mnras/stx1710},
    doi = {10.1093/MNRAS/STX1710},
    issn = {0035-8711},
    arxivId = {1701.03792},
    keywords = {Cosmology: theory, Dark matter, Galaxies: haloes, Local Group}
}

@book{LeVeque1992NumericalLaws,
    title = {{Numerical Methods for Conservation Laws}},
    year = {1992},
    author = {LeVeque, Randall J.},
    publisher = {Birkh{\"{a}}user Basel},
    address = {Basel},
    isbn = {978-3-7643-2723-1},
    doi = {10.1007/978-3-0348-8629-1}
}

@article{Donmez2006NumericalCode,
    title = {{Numerical simulation of rotating accretion disk around the Schwarzschild black hole using GRH code}},
    year = {2006},
    journal = {Applied Mathematics and Computation},
    author = {D{\"{o}}nmez, Orhan},
    number = {2},
    month = {4},
    pages = {902--922},
    volume = {175},
    publisher = {Elsevier},
    url = {https://linkinghub.elsevier.com/retrieve/pii/S0096300305006521},
    doi = {10.1016/j.amc.2005.08.009},
    issn = {00963003},
    keywords = {Accretion disk, Adaptive-mesh refinement, General relativity, Hydrodynamics, Numerical relativity black hole, Spiral shock}
}

@book{Toro2009RiemannDynamics,
    title = {{Riemann Solvers and Numerical Methods for Fluid Dynamics}},
    year = {2009},
    author = {Toro, Eleuterio F.},
    publisher = {Springer Berlin Heidelberg},
    address = {Berlin, Heidelberg},
    isbn = {978-3-540-25202-3},
    doi = {10.1007/b79761}
}

@article{Muller2005SimulatingAchievements,
    title = {{Simulating astrophysical phenomena: challenges and achievements}},
    year = {2005},
    journal = {Computer Physics Communications},
    author = {M{\"{u}}ller, Ewald},
    number = {1-3},
    month = {7},
    pages = {353--361},
    volume = {169},
    publisher = {North-Holland},
    doi = {10.1016/J.CPC.2005.03.079},
    issn = {0010-4655},
    keywords = {Computational methods in fluid dynamics, Gamma-ray bursts, Gravitational waves, Jets and bursts, Supernovae}
}

@article{Springel2021SimulatingCode,
    title = {{Simulating cosmic structure formation with the gadget-4 code}},
    year = {2021},
    journal = {Monthly Notices of the Royal Astronomical Society},
    author = {Springel, Volker and Pakmor, Rüdiger and Zier, Oliver and Reinecke, Martin},
    number = {2},
    month = {7},
    pages = {2871--2949},
    volume = {506},
    publisher = {Oxford Academic},
    url = {https://dx.doi.org/10.1093/mnras/stab1855},
    doi = {10.1093/MNRAS/STAB1855},
    issn = {0035-8711},
    arxivId = {2010.03567},
    keywords = {Dark matter, Galaxies: interactions, Methods: numerical}
}

@article{Springel2010SmoothedAstrophysics,
    title = {{Smoothed Particle Hydrodynamics in Astrophysics}},
    year = {2010},
    journal = {https://doi.org/10.1146/annurev-astro-081309-130914},
    author = {Springel, Volker},
    month = {8},
    pages = {391--430},
    volume = {48},
    publisher = { Annual Reviews },
    url = {https://www.annualreviews.org/doi/abs/10.1146/annurev-astro-081309-130914},
    doi = {10.1146/ANNUREV-ASTRO-081309-130914},
    issn = {00664146},
    arxivId = {1109.2219},
    keywords = {conservation laws, fluid particles, gas dynamics, numerical convergence, numerical simulations, structure formation}
}

@article{Cabezon2017SPHYNX:Applications,
    title = {{SPHYNX: an accurate density-based SPH method for astrophysical applications}},
    year = {2017},
    journal = {Astronomy {\&} Astrophysics},
    author = {Cabez{\'{o}}n, R. M. and Garc{\'{i}}a-Senz, D. and Figueira, J.},
    month = {10},
    pages = {A78},
    volume = {606},
    publisher = {EDP Sciences},
    url = {https://www.aanda.org/articles/aa/full_html/2017/10/aa30208-16/aa30208-16.html https://www.aanda.org/articles/aa/abs/2017/10/aa30208-16/aa30208-16.html},
    doi = {10.1051/0004-6361/201630208},
    issn = {0004-6361},
    arxivId = {1607.01698},
    keywords = {A{\&}A, Astronomy {\&} Astrophysics, EDP Sciences, ESO, hydrodynamics, instabilities, methods: numerical}
}

@article{Springel2005TheGadget-2,
    title = {{The cosmological simulation code gadget-2}},
    year = {2005},
    journal = {Monthly Notices of the Royal Astronomical Society},
    author = {Springel, Volker},
    number = {4},
    month = {12},
    pages = {1105--1134},
    volume = {364},
    publisher = {Oxford Academic},
    url = {https://dx.doi.org/10.1111/j.1365-2966.2005.09655.x},
    doi = {10.1111/J.1365-2966.2005.09655.X},
    issn = {0035-8711},
    arxivId = {astro-ph/0505010},
    keywords = {Dark matter, Galaxies: interactions, Methods: numerical}
}

@book{Yanenko1971TheSteps,
    title = {{The Method of Fractional Steps}},
    year = {1971},
    author = {Yanenko, N. N.},
    editor = {Holt, Maurice},
    publisher = {Springer Berlin Heidelberg},
    address = {Berlin, Heidelberg},
    isbn = {978-3-642-65110-6},
    doi = {10.1007/978-3-642-65108-3}
}

@article{Heng2014TheSimulations,
    title = {{The Nature of Scientific Proof in the Age of Simulations}},
    year = {2014},
    journal = {American Scientist},
    author = {Heng, Kevin},
    number = {3},
    month = {4},
    pages = {174--177},
    volume = {102},
    publisher = {Sigma Xi, Scientific Research Society},
    url = {https://arxiv.org/abs/1404.6248v1},
    doi = {10.1511/2014.108.174},
    issn = {00030996},
    arxivId = {1404.6248}
}

@article{Muller2004TowardModels,
    title = {{Toward Gravitational Wave Signals from Realistic Core‐Collapse Supernova Models}},
    year = {2004},
    journal = {The Astrophysical Journal},
    author = {Muller, Ewald and Rampp, Markus and Buras, Robert and Janka, H.‐Thomas and Shoemaker, David H.},
    number = {1},
    month = {3},
    pages = {221--230},
    volume = {603},
    url = {https://iopscience.iop.org/article/10.1086/381360},
    doi = {10.1086/381360},
    issn = {0004-637X}
}

@article{Brown2008TurduckeningStudy,
    title = {{Turduckening black holes: an analytical and computational study}},
    year = {2008},
    journal = {Physical Review D - Particles, Fields, Gravitation and Cosmology},
    author = {Brown, David and Diener, Peter and Sarbach, Olivier and Schnetter, Erik and Tiglio, Manuel},
    number = {4},
    month = {9},
    volume = {79},
    publisher = {American Physical Society},
    url = {http://arxiv.org/abs/0809.3533 http://dx.doi.org/10.1103/PhysRevD.79.044023},
    doi = {10.1103/PhysRevD.79.044023},
    arxivId = {0809.3533v2}
}